% búsqueda primero en amplitud
@misc{amplitud,
author = {Educative Answers Team},
title = {¿Qué es la búsqueda primero en amplitud?},
howpublished = {\url{https://www.educative.io/answers/what-is-
breadth-first-search}},
month = {Abril, 04},
year = {2019},
note = {(Accedido el 06/23/2022)}
}
@misc{ventajasamplitud,
author = {Learnhowtoprogram.com},
title = {Algoritmos de búsqueda de profundidad y amplitud},
url = {https://www.learnhowtoprogram.com/computer
-science/graph-theory/depth-and-breadth-
search-algorithms},
month = {},
year = {},
note = {(Accedido el 06/23/2022)}
}
@article{gonzalez,
  title={Dise{\~n}o, implementaci{\'o}n y aplicaci{\'o}n de una estrategia de b{\'u}squeda preferente por amplitud, para uso multidireccional sobre sistemas distribuidos o de procesamiento en paralelo, usando un simulador de escenarios, construido para el trazado de rutas en rob{\'o}tica m{\'o}vil},
  author={Gonz{\'a}lez Ospina, Alejandro and Cano Garz{\'o}n, Hugo Baldomiro},
  year={2011},
  publisher={Pereira: Universidad Tecnol{\'o}gica de Pereira},
  url={https://hdl.handle.net/11059/2609}
}
%---------------------------------
%Búsqueda profundidad
@misc{profundidad,
author = {Educative Answers Team},
title = {What is Depth First Search?},
url = {https://www.educative.io/answers/what-is
-depth-first-search},
month = {Abril, 04},
year = {2019},
note = {(Accessed on 06/23/2022)}
}

@mastersthesis{montero,
  title={Modulo de creaci{\'o}n de laberintos en Unity},
  author={Montero Sacrist{\'a}n, Raquel and others},
  type={{B.S.} thesis},
  year={2016},
  url={http://hdl.handle.net/10486/677166}
}
%---------------------------------
%Búsqueda de coste uniforme
@misc{coste,
author = {F. Hasan, Educative: Interactive Courses for Software Developers},
title = {¿Qué es la búsqueda de costo uniforme?},
howpublished = {\url{https://www.educative.io/answers/what-
is-uniform-cost-search}},
month = {Apr. 26},
year = {2021},
note = {(Accessed on 06/23/2022)}
}
@article{mansour,
  title={Construction facilities location selection for urban linear infrastructure maintenance projects using uniform cost search method},
  author={Mansour, Amr G and Eid, Mohamed S and Elbeltagi, Emad E},
  journal={Soft Computing},
  volume={26},
  number={3},
  pages={1403--1415},
  year={2022},
  publisher={Springer}
}
%---------------------------------
%Búsqueda voraz (greedy)
@misc{vera,
author = {Benítez, Iván y Guerrero},
title = {Inteligencia Artificial II - Resoluci{\'o}n de problemas mediante b{\'u}squedas b{\'u}squedas 3. B{\'u}squedas informadas},
url = {https://www.uv.mx/personal/edbenitez/
files/2010/09/CursoIA10-II-3.pdf},
note = {(Accedido el 06/23/2022)}
}

@article{yanez2019estimacion,
  title={Estimaci{\'o}n robusta de canales de comunicaciones de ultra banda ancha},
  author={Y{\'a}nez-S{\'a}nchez, Nicey Alberto and Ram{\'\i}rez, Juan Marcos and Paredes, Jos{\'e} Luis and Pinto, {\'A}ngel Dar{\'\i}o and Torres, Jos{\'e} Manuel and P{\'e}rez, Marvin Luis},
  journal={Revista Ingenier{\'\i}as Universidad de Medell{\'\i}n},
  volume={18},
  number={34},
  pages={181--197},
  year={2019},
  publisher={Universidad de Medell{\'\i}n}
}

%---------------------------------
%Búsqueda A*
@misc{Algoritm99,
author = {EcuRed},
title = {Algoritmo de Búsqueda Heurística A*},
url = {https://www.ecured.cu},
note = {(Accedido el 06/23/2022)}
}

@article{astri2020implementation,
  title={Implementación del Algoritmo A-Star para la Búsqueda de Rutas Cercanas al Punto de Refugio de Evacuación de Tsunami},
  author={Astri, Renita and others},
  journal={Jurnal RESTI (Rekayasa Sistem Dan Teknologi Informasi)},
  volume={4},
  number={2},
  pages={254--259},
  year={2020}
}
%---------------------------------