%---------------------------------
% Búsqueda Tabú
@article{rioja,
  title={Conceptos, algoritmo y aplicaci{\'o}n al problema de las N-reinas - Capítulo3. Búsqueda de tab{\'u}},
  author={Riojas, A},
  journal={Universidad Nacional Mayor de San Marcos Facultad Ciencias Matem{\'a}ticas EAP de Investigaci{\'o}n Operativa. Lima, Per{\'u}},
  year={2005}
}
@article{Hassan,
  title={Optimizaci{\'o}n heur{\'\i}stica y Redes Neuronales},
  author={Ghaziri, Hassan and Diaz, Adenso and Glover, Fred},
  journal={Madrid: Paraninfo, p{\'a}g},
  volume={235},
  year={1996}
}
@article{martinez,
  title={B{\'u}squeda tab{\'u} para determinar frecuencias en el transporte p{\'u}blico},
  author={Mart{\'\i}nez Luz, H{\'e}ctor Manuel},
  journal={Universidad de la Rep{\'u}blica Montevideo – Uruguay},
  year={2018},
  publisher={Udelar. FI}
}
%---------------------------------
%Temple simulado
@article{anne, 
author = { TABARES E., POMPILIO FRANCO B., JOHN FREDY }, 
title = { APLICACIÓN DEL SIMULATED ANNEALING AL PROBLEMA DE LAS N REINAS },
year = { 2005 }, 
journal = { Scientia Et Technica },
issn = { 0122-1701 },language = {Español},
url = {https://www.redalyc.org/articulo.oa?id=
84911948005}	
}   	
@misc{simmu,
author = {F. Tricas, E. Mayordomo},
title = {Recocido simulado. Simulated annealing},
url={http://webdiis.unizar.es/asignaturas/APD/
wp/wp-content/uploads/2013/09/161208simul
atedAnnealing.pdf},
journal = { Universidad de Zaragoza},
year = {2016}
}
@article{sisw,
  title={Proceso de entrega del sistema de Enrutamiento utilizando Recocido Simulado (Studi Kasus: PT. X)},
  author={Siswanto, Budi Nur and Ariffien, Afferdhy and Jayakusuma, Ilham},
  journal={Jurnal Teknologia},
  volume={1},
  number={2},
  year={2019}
}
%---------------------------------
%Colonia de hormigas
@misc{dorigo,
  title={Ant Colony OptimizationAnt Colony Optimization},
  author={Dorigo, M and St{\"u}tzle, T},
  year={2004},
  publisher={MIT Press: Cambridge, MA, USA}
}
@book{calderon,
  title={Segmentaci{\'o}n de im{\'a}genes m{\'e}dicas mediante algoritmos de colonia de hormigas},
  author={Calder{\'o}n, Carlos Gabriel Gavidia},
  year={2014},
  publisher={Pontificia Universidad Catolica del Peru-CENTRUM Catolica (Peru)}
}
%---------------------------------
% Enjambre de partículas
@article{kennedy,
  title={Particle Swarm Optimization. Purdue School of Engineering and Technology},
  author={Kennedy, J and Eberhart, R},
  year={1995},
  publisher={Indianapolis}
}
@inproceedings{kennedy1995,
  title={Particle swarm optimization},
  author={Kennedy, James and Eberhart, Russell},
  booktitle={Proceedings of ICNN'95-international conference on neural networks},
  volume={4},
  pages={1942--1948},
  year={1995},
  organization={IEEE}
}
@misc{Optimiza,
author = {},
title = {Optimización con enjambre de partículas (Particle Swarm Optimization)},
url={https://www.cienciadedatos.net/documentos/
49_optimizacion_con_particle_swarm},
month = {},
year = {},
note = {(Accessed on 09/01/2022)}
}
@article{cornejo,
  title={Reconfiguraci{\'o}n del sistema el{\'e}ctrico de la ciudad de puno usando la t{\'e}cnica de optimizaci{\'o}n binaria por enjambre de part{\'\i}culas para reducir la sobrecarga de la SE Bellavista},
  author={Cornejo Apaza, Emmanuel Abraham},
  year={2021},
  publisher={Universidad Nacional de San Agust{\'\i}n de Arequipa}
}