@book{ny,
  title={TADs, Estructuras de datos y resoluci{\'o}n de problemas con C++},
  author={Nyhoff, Larry R and Tarjuelo, Miguel Palomino and D{\'\i}az, Clara Segura and L{\'o}pez, Jos{\'e} Alberto Verdejo and Olliet, Narciso Mart{\'\i}},
  year={2006},
  publisher={Pearson Prentice Hall}
}

@book{joyanes,
  title={Estructuras de datos en C++},
  author={Joyanes, Luis and Joyanes, Luis and Zahonero, Ignacio},
  year={2007},
  publisher={McGraw-Hill/Interamericana de Espa{\~n}a}
}

@misc{wiki,
author = {},
title = {√Årbol binario - Wikipedia, la enciclopedia libre},
month = {},
year = {},
note = {(Accessed on 01/29/2022)}
}

@book{cairo,
  title={Estructuras de datos},
  author={Cair{\'o}, Osvaldo and Guardati, Silvia},
  year={2006},
  publisher={MC GRAW HILL INTERAMERICANA}
}

@article{gonzalez,
  title={{\'A}rboles},
  author={Gonz{\'a}lez, Alejandro H{\'e}ctor},
  year={2013}
}

@article{pera,
  title={Programaci{\'o}n y Estructuras de Datos (Curso 2006-2007)},
  author={Peral Cort{\'e}s, Jes{\'u}s and Ferr{\'a}ndez, Antonio and Luj{\'a}n-Mora, Sergio and Requena Jim{\'e}nez, Antonio},
  journal={Programaci{\'o}n y Estructuras de Datos},
  year={2006}
}

@article{jorgeestructuras,
  title={Estructuras de datos: Arboles binarios de busqueda, Mont{\i}culos},
  author={Jorge, Santiago}
}

%------------------------------

