@misc{HumanCom81,
author = {},
title = {Human Computer Interaction (HCI) | Design \& Learn | Adobe XD Ideas},
url = {https://xd.adobe.com/ideas/principles/human-computer-interaction/},
month = {},
year = {2019},
note = {(Accessed on 07/12/2022)}
}

@article{zhang2017eye,
  title={Sistema de control basado en el seguimiento ocular para la interacción natural entre humanos y computadoras},
  author={Zhang, Xuebai and Liu, Xiaolong and Yuan, Shyan-Ming and Lin, Shu-Fan},
  journal={Computational intelligence and neuroscience},
  volume={2017},
  year={2017},
  publisher={Hindawi}
}

@article{YANG2020371,
title = {Investigación de Sistema de Control para UAV de Protección de Plantas Basado en Pixhawk},
journal = {Procedia Computer Science},
volume = {166},
pages = {371-375},
year = {2020},
note = {Proceedings of the 3rd International Conference on Mechatronics and Intelligent Robotics (ICMIR-2019)},
issn = {1877-0509},
doi = {https://doi.org/10.1016/j.procs.2020.02.082},
url = {https://www.sciencedirect.com/science/article/pii/S1877050920302040},
author = {Kang Yang and Guang You Yang and S Isi {Huang Fu}},
}

@article{trofimov2011brain,
  title={Interfaces cerebro-computadora.},
  author={Trofimov, AG and Skrugin, VI},
  journal={Information Technologies},
  volume={2},
  pages={2--11},
  year={2011}
}

@article{VOZNENKO2018522,
title = {El sistema de control basado en BCI extendido para una silla de ruedas robótica},
journal = {Procedia Computer Science},
volume = {123},
pages = {522-527},
year = {2018},
note = {8th Annual International Conference on Biologically Inspired Cognitive Architectures, BICA 2017 (Eighth Annual Meeting of the BICA Society), held August 1-6, 2017 in Moscow, Russia},
issn = {1877-0509},
doi = {https://doi.org/10.1016/j.procs.2018.01.079},
url = {https://www.sciencedirect.com/science/article/pii/S1877050918300802},
author = {Timofei I. Voznenko and Eugene V. Chepin and Gleb A. Urvanov},
}

@article{dong2017pre,
  title={Sistema de Prealarma Basado en Monitoreo en Tiempo Real y Simulación Numérica Utilizando Internet de las Cosas y Computación en la Nube para Presa de Relaves en Minas},
  author={Dong, Longjun and Shu, Weiwei and Sun, Daoyuan and Li, Xibing and Zhang, Lingyun},
  journal={IEEE Access},
  volume={5},
  pages={21080--21089},
  year={2017},
  publisher={IEEE}
}

@article{derwael2015procesamiento,
  title={Procesamiento paralelo de im{\'a}genes de video para la detecci{\'o}n de sangrado y vendas en operaciones de cirug{\'\i}a laparosc{\'o}pica},
  author={Derwael, Dylan and Garc{\'\i}a, Rub{\'e}n and Miguel Trespaderne, F{\'e}lix and Fraile Marinero, Juan Carlos and P{\'e}rez Turiel, Javier and Santos, Lidia and others},
  year={2015},
  publisher={CEA\_IFAC. Comisi{\'o}n de Bioingenier{\'\i}a}
}