@misc{cripto,
author = {IEBS - Javier Sáez Hurtado},
title = {Qu{\'e} es la criptografía y para qu{\'e} sirve},
url = {https://www.iebschool.com/blog/que-es-la-criptografia-y-para-que-sirve-finanzas/#:~:text=En%20inform%C3%A1tica%2C%20la%20criptograf%C3%ADa%20se,en%20formas%20dif%C3%ADciles%20de%20descifrar.},
year = {2022},
note = {(Accedido el 30/08/2022)}
}

@article{guevara,
  title={Implementaci{\'o}n de un sistema criptogr{\'a}fico a trav{\'e}s de algoritmos avanzados de encriptaci{\'o}n para mejorar la seguridad perimetral de una red inform{\'a}tica},
  author={Guevara Tinoco, Roberto Carlos and L{\'o}pez L{\'o}pez, Willy Lleison},
  year={2016},
  publisher={Universidad Se{\~n}or de Sip{\'a}n}
}

@article{marrero,
  title={La Criptograf{\'\i}a como elemento de la seguridad inform{\'a}tica},
  author={Marrero Travieso, Yran},
  journal={Acimed},
  volume={11},
  number={6},
  pages={0--0},
  year={2003},
  publisher={2000, Editorial Ciencias M{\'e}dicas}
}

@misc{Conceptomine,
author = {Minewiskan},
title = {Conceptos de minería de datos | Microsoft Docs},
url={https://docs.microsoft.com/es-es/analysis-services/data-mining/data-mining-concepts?view=asallproducts-allversions},
year = {2022},
note = {(Accedido el 30/08/2022)}
}
@misc{mineria2,
title = {CGB Inform{\'a}tica - Miner{\'i}a de Datos},
url={https://www.esla.com/Mineria-Datos-CGB-Informatica.html},
year = {2020},
note = {(Accedido el 30/08/2022)}
}

@article{uriarte,
  title={Miner{\'\i}a de datos para mejorar la toma decisiones en el {\'a}rea de gesti{\'o}n al cliente de telef{\'o}nica del Per{\'u} zonal Tarapoto},
  author={Uriarte del {\'A}guila, Chanith},
  year={2018},
  publisher={Universidad Nacional de San Mart{\'\i}n-Tarapoto}
}

