%---------------------------------------------------------------------------------
%Industria Natural
%Quantum Genetics and Quantum Automata Models of Quantum-Molecular Evolution Involved in the Evolution of Organisms and Species
@article{baianu2012quantum,
  title={Quantum Genetics and Quantum Automata Models of Quantum-Molecular Evolution Involved in the Evolution of Organisms and Species},
  author={Baianu, I},
  journal={Nature Precedings},
  pages={1--1},
  year={2012},
  doi={https://doi.org/10.1038/npre.2012.7083.1},
  publisher={Nature Publishing Group}
}

%Autonomous molecular cascades for evaluation of cell surfaces
@article{rudchenko2013autonomous,
  title={Autonomous molecular cascades for evaluation of cell surfaces},
  author={Rudchenko, Maria and Taylor, Steven and Pallavi, Payal and Dechkovskaia, Alesia and Khan, Safana and Butler Jr, Vincent P and Rudchenko, Sergei and Stojanovic, Milan N},
  journal={Nature nanotechnology},
  volume={8},
  number={8},
  pages={580--586},
  year={2013},
  doi={https://doi.org/10.1038/nnano.2013.142},
  publisher={Nature Publishing Group}
}
%Molecular demultiplexer as a terminator automaton
@article{turan2018molecular,
  title={Molecular demultiplexer as a terminator automaton},
  author={Turan, Ilke S and Gunaydin, Gurcan and Ayan, Seylan and Akkaya, Engin U},
  journal={Nature communications},
  volume={9},
  number={1},
  pages={1--8},
  doi={https://doi.org/10.1038/s41467-018-03259-z},
  year={2018},
  
  publisher={Nature Publishing Group}
}
%Reaction-diffusion in a growing 3D domain of skin scales generates a discrete cellular automaton
@article{fofonjka2021reaction,
  title={Reaction-diffusion in a growing 3D domain of skin scales generates a discrete cellular automaton},
  author={Fofonjka, Anamarija and Milinkovitch, Michel C},
  journal={Nature communications},
  volume={12},
  number={1},
  pages={1--13},
  year={2021},
   doi = {https://doi.org/10.1038/s41467-021-22525-1},
  publisher={Nature Publishing Group}
}


%---------------------------------------------------------------------------------
%Industria Textil
%Cellular automata-based generative design of Pied-de-poule patterns using emergent behavior: Case study of how fashion pieces can help to understand modern complexity  Q2
@article{feijs2018cellular,
title = "Cellular automata-based generative design of pied-de-poule patterns using emergent behavior: case study of how fashion pieces can help to understand modern complexity",
author = "L.M.G. Feijs and M.J. Toeters",
year = "2018",
month = dec,
day = "1",
language = "English",
volume = "12",
pages = "127--144",
journal = "International Journal of Design",
issn = "1991-3761",
publisher = "National Taiwan University of Science and Technology",
number = "3",
}
 %Q1 
@article{STRAUMIT2015150,
title = {Quantification of the internal structure and automatic generation of voxel models of textile composites from X-ray computed tomography data},
journal = {Composites Part A: Applied Science and Manufacturing},
volume = {69},
pages = {150-158},
year = {2015},
issn = {1359-835X},
url = {https://www.sciencedirect.com/science/article/abs/pii/S1359835X14003625},
doi = {https://doi.org/10.1016/j.compositesa.2014.11.016},
author = {Ilya Straumit and Stepan V. Lomov and Martine Wevers},
keywords = {A. Fabrics/textiles, B. Directional orientation, D. Non-destructive testing}}
publisher={Elseiver}


%---------------------------------------------------------------------------------
%Industria Química

%Cellular Automata in Chemistry and Chemical Engineering

@article{doi:10.1146/annurev-chembioeng-093019-075250,
author = {Menshutina, Natalia V. and Kolnoochenko, Andrey V. and Lebedev, Evgeniy A.},
title = {Cellular Automata in Chemistry and Chemical Engineering},
journal = {Annual Review of Chemical and Biomolecular Engineering},
volume = {11},
number = {1},
pages = {87-108},
year = {2020},
url={https://doi.org/10.1146/annurev-chembioeng-093019-075250},
eprint={https://doi.org/10.1146/annurev-chembioeng-093019-075250}
}

%Framework for Engineering Finite State Machines in Gene Regulatory Networks

@article{doi:10.1021/sb4001799,
author = {Oishi, Kevin and Klavins, Eric},
title = {Framework for Engineering Finite State Machines in Gene Regulatory Networks},
journal = {ACS Synthetic Biology},
volume = {3},
number = {9},
pages = {652-665},
year = {2014},
doi = {10.1021/sb4001799},
URL = { https://doi.org/10.1021/sb4001799},
eprint = {https://doi.org/10.1021/sb4001799}
}

%How Chemistry Computes: Language Recognition by Non-Biochemical Chemical Automata. From Finite Automata to Turing Machines
@article{DUENASDIEZ2019514,
title = {How Chemistry Computes: Language Recognition by Non-Biochemical Chemical Automata. From Finite Automata to Turing Machines},
journal = {iScience},
volume = {19},
pages = {514-526},
year = {2019},
issn = {2589-0042},
doi = {https://doi.org/10.1016/j.isci.2019.08.007},
url = {https://www.sciencedirect.com/science/article/pii/S2589004219302858},
author = {Marta Dueñas-Díez and Juan Pérez-Mercader},
}


%Industria Ambiental----------------------------------------------------------
%1-Q1
@article{energiahibrida,
  title={An integrated framework for sizing and energy management of hybrid energy systems using finite automata},
  author={Khawaja, Yara and Allahham, Adib and Giaouris, Damian and Patsios, Charalampos and Walker, Sara and Qiqieh, Issa},
  journal={Applied Energy},
  volume={250},
  pages={257--272},
  year={2019},
  publisher={Elsevier}
}

% 2-Q2
@article{neblinasimular,
  title={Simulating forest fire spread and fire-fighting using cellular automata},
  author={Mutthulakshmi, K and Wee, Megan Rui En and Wong, Yew Chong Kester and Lai, Joel Weijia and Koh, Jin Ming and Acharya, U Rajendra and Cheong, Kang Hao},
  journal={Chinese Journal of Physics},
  volume={65},
  pages={642--650},
  year={2020},
  publisher={Elsevier}
}

%3-Q1
@inproceedings{animales,
  title={Building a model for recognition of morphostructure pathologies in animal tissues},
  author={Kostarev, SN and Sereda, TG and Tatarnikova, NA},
  booktitle={Journal of Physics: Conference Series},
  volume={1515},
  number={5},
  pages={052005},
  year={2020},
  organization={IOP Publishing}
}

%4-Q1
@article{neblina,
  title={Haze risk: information diffusion based on cellular automata},
  author={Zheng, Chaoyu and Peng, Benhong and Sheng, Xin and Wan, Anxia},
  journal={Natural Hazards},
  pages={1--19},
  year={2021},
  publisher={Springer}
}

%---------------------------------------------------------------------------------
%Industria Tecnológica
@article{aliyu2021management,
  title={Management of cloud resources and social change in a multi-tier environment: A novel finite automata using ant colony optimization with spanning tree},
  author={Aliyu, Muhammad and Murali, M and Zhang, Zuopeng Justin and Gital, Abdulsalam and Boukari, Souley and Huang, Yongbin and Yakubu, Ismail Zahraddeen},
  journal={Technological Forecasting and Social Change},
  volume={166},
  pages={120591},
  year={2021},
  publisher={Elsevier}
}

@article{imran2021systematic,
  title={A systematic review of scalable hardware architectures for pattern matching in network security},
  author={Imran, Malik and Bashir, Faisal and Jafri, Atif Raza and Rashid, Muhammad and ul Islam, Muhammad Najam},
  journal={Computers \& Electrical Engineering},
  volume={92},
  pages={107169},
  year={2021},
  publisher={Elsevier}
}

@article{zhu2017distributed,
  title={A distributed and parallel control mechanism for self-reconfiguration of modular robots using L-systems and cellular automata},
  author={Zhu, Yanhe and Bie, Dongyang and Wang, Xiaolu and Zhang, Yu and Jin, Hongzhe and Zhao, Jie},
  journal={Journal of Parallel and Distributed Computing},
  volume={102},
  pages={80--90},
  year={2017},
  publisher={Elsevier}
}

@article{fekete2021cadbots,
  title={Cadbots: Algorithmic aspects of manipulating programmable matter with finite automata},
  author={Fekete, S{\'a}ndor P and Gmyr, Robert and Hugo, Sabrina and Keldenich, Phillip and Scheffer, Christian and Schmidt, Arne},
  journal={Algorithmica},
  volume={83},
  number={1},
  pages={387--412},
  year={2021},
  publisher={Springer}
}