%---------------------------------
% Redes Bayesianas
@book{russell2004inteligencia,
  title={Inteligencia Artificial: un enfoque moderno},
  author={Russell, Stuart J and Norvig, Peter},
  number={04; Q335, R8y 2004.},
  year={2004}
}

@book{morales2011inteligencia,
  title={Inteligencia artificial: M{\'e}todos, t{\'e}cnicas y aplicaciones},
  author={Morales, Roque Marin and M{\'e}ndez, Jos{\'e} Tom{\'a}s Palma},
  year={2011},
  publisher={McGraw-Hill Espa{\~n}a}
}
%---------------------------------------------------
%Investigaciones
@article{cordero2021empleo,
  title={Empleo de las redes bayesianas para apoyar la toma de decisiones sobre la propagaci{\'o}n de la Covid-19},
  author={Cordero, Freddy E Torres and Ben{\'\i}tez, Neilys Gonz{\'a}lez and Cornelio, Omar Mar},
  journal={Serie Cient{\'\i}fica de la Universidad de las Ciencias Inform{\'a}ticas},
  volume={14},
  number={5},
  pages={154--167},
  year={2021},
  publisher={Ediciones Futuro}
}
@article{davila2021finanzas,
  title={Las finanzas de los hogares mexicanos: an{\'a}lisis con redes bayesianas},
  author={D{\'a}vila Arag{\'o}n, Griselda and Ortiz Arango, Francisco and Cabrera Llanos, Agust{\'\i}n I},
  journal={Investigaci{\'o}n econ{\'o}mica},
  volume={80},
  number={317},
  pages={109--134},
  year={2021},
  publisher={Universidad Nacional Aut{\'o}noma de M{\'e}xico, Facultad de Econom{\'\i}a}
}

@article{paulino2019sistema,
  title={Sistema experto probabil{\'\i}stico basado en redes bayesianas para la predicci{\'o}n de riesgo de c{\'a}ncer cervical},
  author={Paulino Flores, Luis Alonso},
  year={2019},
  publisher={Universidad Nacional Mayor de San Marcos},
  url={https://hdl.handle.net/20.500.12672/16246}
}

@article{gonzales2021modelo,
  title={Modelo hidrol{\'o}gico de predicci{\'o}n de caudales de avenida mediante redes bayesianas en la Subcuenca del Rio Shullcas en el 2016},
  author={Gonzales Gomez, Hugo Andre},
  year={2021},
  publisher={Universidad Nacional del Centro del Per{\'u}},
  url={http://hdl.handle.net/20.500.12894/8125}
}



