%---------------------------------
% Redes Semánticas

@misc{tema4pdf46,
author = {Dpto. de Ciencias de la Computaci´on e Inteligencia Artificial - Universidad de Sevilla},
title = {Redes semanticas y marcos},
url={https://www.cs.us.es/~jalonso/cursos/ia2
-02/temas/tema-4.pdf},
month = {},
year = {},
note = {(Accessed on 10/29/2022)}
}

@article{zarei2018delay,
  title={Delay causes analysis in complex construction projects: a semantic network analysis approach},
  author={Zarei, Behrouz and Sharifi, Hossein and Chaghouee, Yahya},
  journal={Production Planning \& Control},
  volume={29},
  number={1},
  pages={29--40},
  year={2018},
  publisher={Taylor \& Francis}
}

@article{vivas2010aplicacion,
  title={Aplicaci{\'o}n de un m{\'e}todo para el an{\'a}lisis de las redes sem{\'a}nticas en pacientes que sufrieron un accidente cerebro vascular},
  author={Vivas, Leticia Yanina},
  journal={Interdisciplinaria},
  volume={27},
  number={1},
  pages={147--162},
  year={2010},
  publisher={SciELO Argentina}
}

%---------------------------------
% Marcos (Frames)

@misc{21Repres15,
author = {G. Juárez - Facultad de Ciencias Exactas y Tecnología - Universidad Nacional de Tucumán},
title = {Representacion del conocimiento},
url= {https://acortar.link/e283MK},
year = {2018},
note = {(Accessed on 29/10/2022)}
}

@article{lopez2020marcos,
  title={Marcos predicativos asociados al concepto signo y s{\'\i}ntoma en textos sobre medicina en espa{\~n}ol},
  author={L{\'o}pez Rodr{\'\i}guez, Clara In{\'e}s},
  journal={Revista signos},
  volume={53},
  number={103},
  pages={392--418},
  year={2020},
  publisher={SciELO Chile}
}

@inproceedings{blache2021common,
  title={Common Ground, Frames and Slots for Comprehension in Dialogue Systems},
  author={Blache, Philippe and Houl{\`e}s, Matthis and others},
  booktitle={CS \& IT Conference Proceedings},
  volume={11},
  number={20},
  year={2021},
  organization={CS \& IT Conference Proceedings}
}

%---------------------------------
% Ontologías
@misc{gree,
author = {Greengrass, E.},
title = {Information Retrieval: A Survey},
url = {https://redirect.cs.umbc.edu/csee/research/
cadip/readings/IR.report.120600.book.pdf},
month = {},
year = {},
note = {30 November 2000}
}
@misc{melgar2011modelo,
  title={Un modelo para la visualizaci{\'o}n de conocimiento basado en imagenes sem{\'a}nticas},
  author={Melgar Sasieta, HA},
  year={2011},
  publisher={Brasil: Tesis para optar el grado de Doctor en Ingenier{\'\i}a y Gestion del~…}
}
@inproceedings{rujiang2009improving,
  title={Improving documents classification with semantic features},
  author={Rujiang, Bai and Junhua, Liao},
  booktitle={2009 Second International Symposium on Electronic Commerce and Security},
  volume={1},
  pages={640--643},
  year={2009},
  organization={IEEE}
}
%Investig 1
@phdthesis{gomez2014,
  title={Dise{\~n}o de un modelo para la recuperaci{\'o}n de documentos basado en ontolog{\'\i}as en el dominio de la ingenier{\'\i}a inform{\'a}tica},
  author={G{\'o}mez, HE},
  year={2014},
  school={Tesis pregrado). Pontificia Universidad Cat{\'o}lica del Per{\'u}, Per{\'u}.}
}
%Investig 2
@article{huiman2016seguridad,
  title={Seguridad inform{\'a}tica de un sistema basado en ontolog{\'\i}a de control v{\'\i}a Web de dispositivos dom{\'o}ticos},
  author={Huiman, Luis Vladimir Urrelo},
  journal={PUEBLO CONTINENTE},
  volume={26},
  number={2},
  pages={501--503},
  year={2016}
}