@misc{Listasvi9:online,
author = {},
title = {Listas vinculadas - Learn C},
howpublished = {\url{https://bit.ly/3yxhoCh}},
month = {},
year = {},
note = {(Accessed on 12/17/2021)}
}

@misc{Punteros25:online,
author = {},
title = {Punteros y listas enlazadas — Loguea me},
howpublished = {\url{https://bit.ly/3E4paV9}},
month = {},
year = {},
note = {(Accessed on 12/17/2021)}
}

@misc{LinkedLi27:online,
author = {},
title = {Lista Enlazada - Linked List | (Introduction) - GeeksforGeeks},
howpublished = {\url{https://bit.ly/3dZYPgp}},
month = {},
year = {},
note = {(Accessed on 12/17/2021)}
}

@misc{Microsof65:online,
author = {Escuela Superior de Ingenieros,
Universidad de Sevilla España},
title = {Fundamentos de Informática},
howpublished = {\url{https://bit.ly/3mci2jx}},
month = {},
year = {},
note = {(Accessed on 12/17/2021)}
}

@article{george1999introduccion,
  title={Introducci{\'o}n a la computaci{\'o}n},
  author="George, Beekman",
  journal={Impreso en M{\'e}xico},
  year={1999}
}

@article{enlazada18:online,
author = {},
title = {Enlazada – Archivos y Sistemas Operativos},
howpublished = {\url{https://bit.ly/3sigJmX}},
month = {},
year = {},
note = {(Accessed on 12/17/2021)}
}

@article{yarleque2018estructura,
  title={Estructura de datos Introducci{\'o}n, conceptos, tipos de datos, clasificaci{\'o}n general, arrays, listas enlazadas, pilas, colas, inicializaci{\'o}n y asignaci{\'o}n de valores},
  author={Yarleque Ferrer, Roger Edgar},
  year={2018},
  publisher={Universidad Nacional de Educaci{\'o}n Enrique Guzm{\'a}n y Valle}
}

@article{leon2019desarrollo,
  title={Desarrollo de un sistema de control del proceso de materia prima para la elaboraci{\'o}n de embutidos mediante listas din{\'a}micas},
  author={Le{\'o}n Azanza, Jefferson Lautaro},
  year={2019}
}

@misc{d,
author = {},
title = {Método de inventario FIFO},
howpublished = {\url{https://bit.ly/3dYlBp5}},
month = {},
year = {},
note = {(Accessed on 12/17/2021)}
}