% Diseño de experiencia de usuario (UX)
@misc{expe,
author = {Nick Babich},
title = {¿Qu{\'e} es el diseño UX? Definici{\'o}n de experiencia de usuario},
howpublished = {\url{https://xd.adobe.com/ideas/career-tips/
what-is-ux-design/}},
year={2022},
note = {(Internet descargado 06/21/2022)}
}
@article{venero,
  title={Estudio de usabilidad en la una propuesta de sitio Web basado en el dise{\~n}o de la experiencia del usuario.},
  author={Venero Escobar, Elio Brian},
  year={2016},
  publisher={Universidad Andina del Cusco},
  url = {https://hdl.handle.net/20.500.12557/401}
}
@article{rodri,
  title={Aplicaci{\'o}n de la metodolog{\'i}a de experiencia de usuario (UX) en el proceso de dise{\~n}o web en el curso de Taller Digital III de la carrera de Dise{\~n}o Gr{\'a}fico de la Universidad de Ciencias y Artes de Am{\'e}rica Latina (UCAL)},
  author={Rodriguez Vi{\~n}as, Carlo Daniel and Sotelo Flores, Diego Armando},
  year={2018},
  publisher={Universidad Tecnol{\'o}gica del Per{\'u}},
  url = {https://hdl.handle.net/20.500.12867/1774}
}
@article{soto,
  title={Desarrollo de interfaz y experiencia de usuario en webs e-commerce de c{\'o}mputo pymes en Lima, Per{\'u}. Casos de estudio: C\&C Computer y MemoryKings},
  author={Soto Chavez, Michael Cesar},
  year={2021},
  publisher={Universidad Peruana de Ciencias Aplicadas (UPC)},
  url = {http://hdl.handle.net/10757/659348}
}
%---------------------------------
%Gestión de datos e información
@misc{datos,
author = {CEUPE | Centro Europeo de Postgrado},
title = {¿Qué es la gestión de datos? ¿Qué objetivos persigue? | 2022},
month = {},
year = {2021},
note = {(Internet descargado 06/21/2022)}
}
@article{palomino,
  title={Dise{\~n}o de una base de datos geogr{\'a}fica para el manejo de informaci{\'o}n de concesiones en una empresa minera peruana},
  author={Palomino Palma, Urbano},
  year={2015},
  publisher={Universidad Cient{\'i}fica del Sur},
  url = {https://hdl.handle.net/20.500.12805/318}
}
@article{condori,
  title={Sistema de informaci{\'o}n para la gesti{\'o}n del seguimiento de egresados de la Escuela Profesional de Ingenier{\'i}a de Sistemas de la UNA-Puno 2016},
  author={Condori Perez, Johan Braulio},
  year={2017},
  publisher={Universidad Nacional del Altiplano},
  url = {http://repositorio.unap.edu.pe/handle/
  UNAP/4501}
}
@article{pacheco,
  title={Dise{\~n}o de un modelo de sistema integrado de infraestructura de red de datos para mejorar la gesti{\'o}n de la informaci{\'o}n en la municipalidad distrital de Mariscal C{\'a}ceres},
  author={Pacheco Moscoso, Luis Enrique},
  year={2013},
  publisher={Universidad Nacional del Centro del Per{\'u}},
  url = {http://hdl.handle.net/20.500.12894/1475}
}
%---------------------------------
%Sistemas Inteligentes
@misc{systems,
author = {Universidad de Nevada, Reno},
title = {¿Qué son los sistemas inteligentes? Informática e Ingeniería},
note = {(Internet descargado 06/21/2022)}
}
@article{godoy,
  title={Sistema inteligente conversacional para la orientaci{\'o}n de internas con problemas familiares, en el Hogar Virgen de F{\'a}tima de la Ciudad de Puno--2013},
  author={Godoy Vilca, Erik Raziel},
  year={2015},
  publisher={Universidad Nacional del Altiplano},
  url={http://repositorio.unap.edu.pe/handle/
  UNAP/2400}
}
@article{rivera,
  title={Sistema inteligente para rotaci{\'o}n de personal basado en algoritmos gen{\'e}ticos en la empresa Soluciones TEC Per{\'u}},
  author={Rivera Gil, Eder Aleixo},
  year={2018},
  publisher={Universidad C{\'e}sar Vallejo},
  url={https://hdl.handle.net/20.500.12692/32159}
}
@article{machaca,
  title={Analisis y dise{\~n}o de un sistema de control de trafico vehicular utilizando semaforos inteligentes con tecnolog{\'\i}a arduino},
  author={Machaca Ninacansaya, Arnold Ronald},
  year={2016},
  publisher={Universidad Nacional del Altiplano},
  url={http://repositorio.unap.edu.pe/handle/
  UNAP/1767}
}


%---------------------------------
% Diseño de software
@misc{diseno,
author = {Universidad DeVry},
title = {¿Qu{\'e} es la programaci{\'o}n inform{\'a}tica y el dise{\~n}o de software? | Universidad DeVry},
howpublished = {\url{https://www.devry.edu/blog/what-is-
computer-programming-and-software-design}},
year = {2020},
note = {Internet descargado 06/21/2022}
}

@article{albarracin2022diseno,
  title={Dise{\~n}o de software para control del proceso de cotizaciones en Pyme del cant{\'o}n La Man{\'a}},
  author={Albarrac{\'\i}n Zambrano, Luis Orlando and Molina Chalacan, Luis Javier and Jal{\'o}n Arias, Edmundo Jos{\'e} and Mar{\'\i}n Vilela, Cinthya Melany},
  journal={Revista Estudios del Desarrollo Social: Cuba y Am{\'e}rica Latina},
  volume={10},
  number={1},
  year={2022},
  publisher={Licencia Creative Commons}
}

@article{alama2022propuesta,
  title={Propuesta de dise{\~n}o de software con c{\'o}digo QR para la gesti{\'o}n del inventario de la empresa “Vamos Supermercado” SRL},
  author={Alama Pacherrez, Keyla Vanessa and Diaz Villanueva, Christian Martin and Oliva Yeng, Oscar Abel and Seminario Regalado, Daniel Alfredo and Suy{\'o}n Nu{\~n}ez, Alvis Arnol},
  year={2022},
  publisher={Universidad de Piura}
}

@article{VERDUGO2022108341,
title = {El diseño de software de Gridap: un paquete de elementos finitos basado en el compilador Julia JIT},
journal = {Computer Physics Communications},
volume = {276},
pages = {108341},
year = {2022},
issn = {0010-4655},
doi = {https://doi.org/10.1016/j.cpc.2022.108341},
url = {https://www.sciencedirect.com/science/
article/pii/S0010465522000595},
author = {Francesc Verdugo and Santiago Badia},
}
%---------------------------------
% Gráficos y Visualización
@misc{gradef,
author = {La Universidad Estatal de Oregon},
title = {Gráficos por computadora y visualización | Ingeniería Eléctrica e Informática},
howpublished = {\url{https://eecs.oregonstate.edu/computer
-graphics-and-visualization}},
note = {(Accedido el 06/21/2022)}
}

@article{bio,
author = {Irena Sajovic and Bojana Boh Podgornik},
title ={Bibliometric Analysis of Visualizations in Computer Graphics: A Study},
journal = {SAGE Open},
volume = {12},
number = {1},
pages = {21582440211071105},
year = {2022},
doi = {10.1177/21582440211071105},
URL = { https://doi.org/10.1177/21582440211071105},
}

@article{ZAMRI20223468,
title = {Análisis bibliométrico de visualizaciones en gráficos por computadora: un estudio},
journal = {Journal of King Saud University - Computer and Information Sciences},
volume = {34},
number = {6, Part B},
pages = {3468-3488},
year = {2022},
issn = {1319-1578},
doi = {https://doi.org/10.1016/j.jksuci.2020.11.030},
url = {https://www.sciencedirect.com/science/
article/pii/S1319157820305711},
}

@misc{visu,
title = "Generación automática de casos de prueba para test de una GUI, usando colonia de hormigas y metaheurística golosa",
author = "Rodríguez Valderrama, José Fernando",
publisher = "Universidad Nacional Mayor de San Marcos",
year = "2013"
}
%---------------------------------
% Arquitectura y Organización}
@book{bookar,
author = {Aníbal, Alfonso and Rodríguez, Guijarro and Manuel, Pedro and Garcia-Arias, Pedro and Olivia, Ángela and Yanza Montalván, Ángela},
year = {2021},
month = {12},
title = {Organización y Arquitectura de computadoras. Un enfoque práctico},
isbn = {978-959-7225-35-5}
}

@article{asurza2022diseno,
  title={Dise{\~n}o de una arquitectura de seguridad inform{\'a}tica para incrementar la seguridad de informaci{\'o}n en la empresa Bafing SAC en 2021},
  author={Asurza Caceres, Josue David},
  year={2022},
  publisher={Universidad Cient{\'\i}fica del Sur}
}

@unpublished{upm69893,
    title = {Dise{\~n}o de una arquitectura de computadoras de prop{\'o}sito did{\'a}ctico},
    month = {Febrero},
    address = {Madrid},
    author = {Sebasti{\'a}n Luchetti Mart{\'i}nez-Bern{\'a}},
    year = {2022},
    url = {https://oa.upm.es/69893/},
}

@phdthesis{alvarez2022implementacion,
  title={Implementaci{\'o}n de una arquitectura de red, como aporte a la gesti{\'o}n de seguridad inform{\'a}tica del Hotel San Pablo de la provincia de Santa Elena.},
  author={{\'A}lvarez Pinto, Julio Eduardo},
  year={2022},
  school={Universidad de Guayaquil. Facultad de Ingenier{\'\i}a Industrial. Carrera de~…}
}
%---------------------------------