@misc{criptogr4:online,
author = {},
title = {criptografía | Definición | Diccionario de la lengua española | RAE - ASALE},
howpublished = {\url{https://dle.rae.es/criptograf\%C3\%ADa},
month = {},
year = {},
note = {(Accessed on 12/13/2022)}
}


@article{guevara2016implementacion,
  title={Implementaci{\'o}n de un sistema criptogr{\'a}fico a trav{\'e}s de algoritmos avanzados de encriptaci{\'o}n para mejorar la seguridad perimetral de una red inform{\'a}tica},
  author={Guevara Tinoco, Roberto Carlos and L{\'o}pez L{\'o}pez, Willy Lleison},
  year={2016},
  publisher={Universidad Se{\~n}or de Sip{\'a}n}
}











@article{contreras2004introduccion,
  title={Introducci{\'o}n a la criptograf{\'\i}a},
  author={Contreras, Jos{\'e} Miguel},
  journal={DYNA},
  volume={79},
  number={2},
  pages={6--10},
  year={2004},
  publisher={Publicaciones DYNA SL}
}

@article{carcamocriptografia,
  title={CRIPTOGRAF{\'I}A DE CURVA EL{\'I}PTICA APLICADA A SEGURIDAD PARA REDES WBAN BAJO LA NORMA IEEE 802.15. 6},
  author={CARCAMO, HECTOR KASCHEL and NEIRA, JOHANNA VALERIA ALVARADO}
}

@article{george1999introduccion,
  title={Introducci{\'o}n a la computaci{\'o}n},
  author="George, Beekman",
  journal={Impreso en M{\'e}xico},
  year={1999}
}

@misc{RevistaS75:online,
author = "Sara, Gallardo",
title = {Revista Sistemas Edición 99.pdf},
howpublished = {\url{https://bit.ly/3csdWhM}},
month = {},
year = {2009},
note = {(Accessed on 11/19/2021)}
}

@misc{Conoces56:online,
author = "AMBIT BST",
title = {¿Conoces todos los sistemas de almacenamiento de datos?},
howpublished = {\url{https://bit.ly/3qTdyBI}},
month = {},
year = {2020},
note = {(Accessed on 11/19/2021)}
}

@misc{Ladifere16:online,
author = {Kingston TECHNLOGY},
title = {La diferencia entre memoria y almacenamiento en computadoras - Kingston Technology},
howpublished = {\url{https://bit.ly/3oMOJEL}},
month = {},
year = {2015},
note = {(Accessed on 11/19/2021)}
}

@misc{RedalycT88:online,
author = {Vázquez-Moctezuma, Salvador E.},
title = {Redalyc.Tecnologías de almacenamiento de información en el ambiente digital},
howpublished = {\url{https://bit.ly/3CxtDPx}},
month = {},
year = {2015},
note = {(Accessed on 11/19/2021)}
}

@inproceedings{gopalakrishnan2010highly,
  title={Highly-scalable novel access device based on mixed ionic electronic conduction (MIEC) materials for high density phase change memory (PCM) arrays},
  author={Gopalakrishnan, K and Shenoy, RS and Rettner, CT and Virwani, K and Bethune, DS and Shelby, RM and Burr, GW and Kellock, A and King, RS and Nguyen, K and others},
  booktitle={2010 Symposium on VLSI Technology},
  pages={205--206},
  year={2010},
  organization={IEEE}
}

@book{glossbrenner1993file,
  title={File \& Disk Management: From Chaos to Control},
  author={Glossbrenner, Alfred},
  year={1993},
  publisher={Osborne McGraw-Hill}
}

@article{yoon2013integrated,
  title={An integrated memory-disk system with buffering adapter and non-volatile memory},
  author={Yoon, Su-Kyung and Bian, Mei-Ying and Kim, Shin-Dug},
  journal={Design Automation for Embedded Systems},
  volume={17},
  number={3},
  pages={609--626},
  year={2013},
  publisher={Springer}
}

@article{vazquez2015tecnologias,
  title={Tecnolog{\'\i}as de almacenamiento de informaci{\'o}n en el ambiente digital},
  author={V{\'a}zquez-Moctezuma, Salvador E},
  journal={e-Ciencias de la Informaci{\'o}n},
  pages={1--18},
  year={2015}
}