%---------------------------------
% Logica Fuzzy
@article{zadeh1973outline,
  title={Outline of a new approach to the analysis of complex systems and decision processes},
  author={Zadeh, Lotfi A},
  journal={IEEE Transactions on systems, Man, and Cybernetics},
  number={1},
  pages={28--44},
  year={1973},
  publisher={IEEE}
}

@incollection{klir2020basic,
  title={Basic concepts and history of fuzzy set theory and fuzzy logic},
  author={Klir, George and Yuan, Bo},
  booktitle={Handbook of Fuzzy Computation},
  pages={A1--1},
  year={2020},
  publisher={CRC Press}
}

@article{gonzalez2015logica,
  title={L{\'o}gica difusa una introducci{\'o}n pr{\'a}ctica, t{\'e}cnicas de Soft Computing},
  author={Gonz{\'a}lez, C},
  journal={Recuperado de: https://www. esi. uclm. es/www/cglez/downloads/docencia/2011\_Softcomputing/
  LogicaDifusa. pdf},
  year={2015}
}

@misc{FuzzyLog14,
author = {Northeastern University},
title = {FuzzyLogic - Outside resources},
url = {https://web.northeastern.edu/magy/courses
/AI/lectures/FuzzyLogic.pdf},
month = {},
year = {2018},
note = {(Accessed on 01/22/2023)}
}

@article{diciembre2017sistemas,
  title={Sistemas de Control con L{\'o}gica Difusa: M{\'e}todos de Mamdani y de Takagi-Sugeno-Kang (TSK)},
  author={Diciembre Sanahuja, Samuel},
  year={2017},
  publisher={Universitat Jaume I}
}

@article{thaker2018analysis,
  title={Analysis of fuzzification process in fuzzy expert system},
  author={Thaker, Shaily and Nagori, Viral},
  journal={Procedia computer science},
  volume={132},
  pages={1308--1316},
  year={2018},
  publisher={Elsevier}
}
%---------------------------------------------------
%Investigaciones
% inglés
@article{MENDES201913,
title = {Fuzzy control system for variable rate irrigation using remote sensing},
journal = {Expert Systems with Applications},
volume = {124},
pages = {13-24},
year = {2019},
issn = {0957-4174},
doi = {https://doi.org/10.1016/j.eswa.2019.01.043},
url = {https://www.sciencedirect.com/science/
article/pii/S0957417419300491},
author = {Willians Ribeiro Mendes and Fábio Meneghetti U. Araújo and Ritaban Dutta and Derek M. Heeren}
}
@article{haro2019diseno,
  title={Dise{\~n}o de un sistema de control difuso para la estabilidad de los niveles de las celdas de flotaci{\'o}n en un proceso continuo cupr{\'\i}fero},
  author={Haro Marchena, Jaime Pa{\'u}l},
  year={2019},
  publisher={Universidad Tecnol{\'o}gica del Per{\'u}}
}

%---------------------------------------
%ciara
%español
@article{meza2019sistema,
  title={Sistema de control autom{\'a}tico de nivel de agua en la c{\'a}mara de carga basado en la l{\'o}gica difusa para la Central Hidroel{\'e}ctrica de Machupicchu},
  author={Meza Ttito, Emilio Enrique},
  year={2019},
  publisher={Universidad Nacional de San Antonio Abad del Cusco}
}
%ingles
@inproceedings{copeland1994fuzzy,
  title={A fuzzy logic supervisor for PID control of unknown systems},
  author={Copeland, Robert P and Rattan, Kuldip S},
  booktitle={Proceedings of 1994 9th IEEE International Symposium on Intelligent Control},
  pages={22--26},
  year={1994},
  organization={IEEE}
}



