@article{organizacion,
  title={Organizaci{\'o}n f{\'\i}sica de las bases de datos},
  author={Su{\'a}rez Cueto, Armando},
  journal={Universidad de Alicante, España - Bases de Datos I},
  year={2017}
}

@misc{online,
author = {Grupo Atico34},
title = {¿Qué es y para qué sirve un hash? | Grupo Atico34},
howpublished = {\url{https://bit.ly/3fIKFkP}},
month = {Octubre},
year = {2020},
note = {(Accedido en 01/21/2022)}
}

@book{joyanes,
  title={Estructuras de datos en C++},
  author={Joyanes, Luis and Joyanes, Luis and Zahonero, Ignacio},
  year={2007},
  publisher={McGraw-Hill/Interamericana de Espa{\~n}a}
}

@book{sierra,
  title={Curso de programaci{\'o}n con C},
  author={Sierra, Francisco Javier Ceballos},
  year={1991},
  publisher={Ra-Ma}
}

@misc{ wiki,
author = {Wikipedia},
title = {Tabla hash --- Wikipedia, La enciclopedia libre},
year = {2022},
note = {(Internet descargado 21-enero-2022)}
}

@book{cairo,
  title={Estructuras de datos},
  author={Cair{\'o}, Osvaldo and Guardati, Silvia},
  year={2006},
  publisher={MC GRAW HILL INTERAMERICANA}
}

@misc{weis,
  title={Mark “Estructura de Datos en Java”},
  author={WEISS, ALEN},
  year={1998},
  publisher={Addison Wesley}
}

@book{carrillo,
  title={Abstracci{\'o}n y Estructuras de Datos en C++},
  author={Carrillo, Antonio Garrido and Valdivia, Joaquim},
  year={2006},
  publisher={Delta Publicaciones}
}
